<record><leader>00000cas a22000007a 4500</leader><controlfield tag="001">23130706</controlfield><controlfield tag="008">910221c19879999couwr ne      0    0eng d</controlfield><datafield ind1=" " ind2=" " tag="010"><subfield code="a">sn 91052152 </subfield></datafield><datafield ind1=" " ind2=" " tag="040"><subfield code="a">CNQ</subfield><subfield code="b">eng</subfield><subfield code="c">CNQ</subfield><subfield code="d">NST</subfield><subfield code="d">OCLCQ</subfield></datafield><datafield ind1=" " ind2=" " tag="012"><subfield code="i">9211</subfield></datafield><datafield ind1=" " ind2=" " tag="042"><subfield code="a">msc</subfield></datafield><datafield ind1="0" ind2="4" tag="245"><subfield code="a">The Palisade tribune &amp; valley report.</subfield></datafield><datafield ind1="3" ind2="0" tag="246"><subfield code="a">Palisade tribune and valley report</subfield></datafield><datafield ind1=" " ind2=" " tag="260"><subfield code="a">Palisade, Colo. :</subfield><subfield code="b">Palisade Tribune</subfield></datafield><datafield ind1=" " ind2=" " tag="300"><subfield code="a">v.</subfield></datafield><datafield ind1=" " ind2=" " tag="310"><subfield code="a">Weekly</subfield></datafield><datafield ind1="0" ind2=" " tag="362"><subfield code="a">Vol. 85, no. 42 (Oct. 15, 1987)-</subfield></datafield><datafield ind1=" " ind2=" " tag="530"><subfield code="a">Available on microfilm from the Colorado Historical Society.</subfield></datafield><datafield ind1=" " ind2=" " tag="752"><subfield code="a">United States</subfield><subfield code="b">Colorado</subfield><subfield code="c">Mesa</subfield><subfield code="d">Palisade.</subfield></datafield><datafield ind1="0" ind2="0" tag="780"><subfield code="t">Palisade tribune</subfield><subfield code="w">(DLC)sn 90051856</subfield></datafield></record>